@article{bib:sixjets,
      author         = "Chivukula, R. Sekhar and Golden, Mitchell and Simmons,
                        Elizabeth H.",
      title          = "{Six-jet signals of highly colored fermions}",
      journal        = "Phys.Lett.",
      volume         = "B257",
      pages          = "403-408",
      doi            = "10.1016/0370-2693(91)91915-I",
      year           = "1991",
      reportNumber   = "HUTP-90-A078, BUHEP-90-33",
      SLACcitation   = "%%CITATION = PHLTA,B257,403;%%",
}



@article{bib:Khachatryan:2010pw,
      author         = "V.~Khachatryan {\it et al.}  [CMS Collaboration]",
      title          = "{CMS Tracking Performance Results from early LHC Operation}",
      journal        = "Eur.\ Phys.\ J.",
      volume         = "C70",
      pages          = "1165",
      doi            = "%10.1016/0370-2693(91)91915-I",
      year           = "2010",
      reportNumber   = "%HUTP-90-A078, BUHEP-90-33",
      SLACcitation   = "%%CITATION = PHLTA,B257,403;%%",
}

@article{bib:Fruhwirth:1987fm,
      author         = " R.~Fruhwirth",
      title          = "{Application of Kalman filtering to track and vertex fitting}",
      journal        = " Nucl.\ Instrum.\ Meth.",
      volume         = "A262",
      pages          = "444",
      doi            = "%10.1016/0370-2693(91)91915-I",
      year           = "1987",
      reportNumber   = "%HUTP-90-A078, BUHEP-90-33",
      SLACcitation   = "%%CITATION = PHLTA,B257,403;%%",
}



@article{bib:multijets,
      author         = "Chivukula, R. Sekhar and Golden, Mitchell and Simmons,
                        Elizabeth H.",
      title          = "{Multi-jet physics at hadron colliders}",
      journal        = "Nucl.Phys.",
      volume         = "B363",
      pages          = "83-96",
      doi            = "10.1016/0550-3213(91)90235-P",
      year           = "1991",
      reportNumber   = "HUTP-91-A009, BUHEP-90-34, NSF-ITP-91-27I",
      SLACcitation   = "%%CITATION = NUPHA,B363,83;%%",
}

@article{bib:tcgut,
      author         = "Farhi, E. and Susskind, Leonard",
      title          = "{Grand unified theory with heavy color}",
      journal        = "Phys.Rev.",
      volume         = "D20",
      pages          = "3404-3411",
      doi            = "10.1103/PhysRevD.20.3404",
      year           = "1979",
      reportNumber   = "SLAC-PUB-2361",
      SLACcitation   = "%%CITATION = PHRVA,D20,3404;%%",
}

@article{bib:exoquarks,
      author         = "Marciano, William J.",
      title          = "{Exotic New Quarks and Dynamical Symmetry Breaking}",
      journal        = "Phys.Rev.",
      volume         = "D21",
      pages          = "2425",
      doi            = "10.1103/PhysRevD.21.2425",
      year           = "1980",
      reportNumber   = "COO-2232B-193",
      SLACcitation   = "%%CITATION = PHRVA,D21,2425;%%",
}

@article{bib:unichiral,
      author         = "Frampton, Paul H. and Glashow, Sheldon L.",
      title          = "{Unifiable Chiral Color With Natural {GIM} Mechanism}",
      journal        = "Phys.Rev.Lett.",
      volume         = "58",
      pages          = "2168",
      doi            = "10.1103/PhysRevLett.58.2168",
      year           = "1987",
      reportNumber   = "HUTP-87/A017, BUHEP-87-5, IFP-287-UNC",
      SLACcitation   = "%%CITATION = PRLTA,58,2168;%%",
}

@article{bib:altchiral,
      author         = "Frampton, Paul H. and Glashow, Sheldon L.",
      title          = "{Chiral Color: An Alternative to the Standard Model}",
      journal        = "Phys.Lett.",
      volume         = "B190",
      pages          = "157",
      doi            = "10.1016/0370-2693(87)90859-8",
      year           = "1987",
      reportNumber   = "BUHEP-87-4, HUTP-87/A007, IFP-283-UNC",
      SLACcitation   = "%%CITATION = PHLTA,B190,157;%%",
}

@article{Thaler:2008ju,
      author         = "Thaler, Jesse and Wang, Lian-Tao",
      title          = "{Strategies to Identify Boosted Tops}",
      journal        = "JHEP",
      volume         = "0807",
      pages          = "092",
      doi            = "10.1088/1126-6708/2008/07/092",
      year           = "2008",
      eprint         = "0806.0023",
      archivePrefix  = "arXiv",
      primaryClass   = "hep-ph",
      SLACcitation   = "%%CITATION = ARXIV:0806.0023;%%",
}

@article{Altheimer:2012mn,
      author         = "Altheimer, A. and Arora, S. and Asquith, L. and
                        Brooijmans, G. and Butterworth, J. and others",
      title          = "{Jet Substructure at the Tevatron and LHC: New results,
                        new tools, new benchmarks}",
      journal        = "J.Phys.",
      volume         = "G39",
      pages          = "063001",
      doi            = "10.1088/0954-3899/39/6/063001",
      year           = "2012",
      eprint         = "1201.0008",
      archivePrefix  = "arXiv",
      primaryClass   = "hep-ph",
      reportNumber   = "SLAC-R-990, FERMILAB-PUB-12-897-T",
      SLACcitation   = "%%CITATION = ARXIV:1201.0008;%%",
}

@article{Chatrchyan:2012uxa,
      author         = "Chatrchyan, Serguei and others",
      title          = "{Search for three-jet resonances in $pp$ collisions at
                        $\sqrt{s}=7$ TeV}",
      collaboration  = "CMS Collaboration",
      journal        = "Phys.Lett.",
      volume         = "B718",
      pages          = "329-347",
      doi            = "10.1016/j.physletb.2012.10.048",
      year           = "2012",
      eprint         = "1208.2931",
      archivePrefix  = "arXiv",
      primaryClass   = "hep-ex",
      reportNumber   = "CMS-EXO-11-060, CERN-PH-EP-2012-225",
      SLACcitation   = "%%CITATION = ARXIV:1208.2931;%%",
}

@article{bib:hiddenvalley,
      author         = "Strassler, Matthew J. and Zurek, Kathryn M.",
      title          = "{Echoes of a hidden valley at hadron colliders}",
      journal        = "Phys.Lett.",
      volume         = "B651",
      pages          = "374-379",
      doi            = "10.1016/j.physletb.2007.06.055",
      year           = "2007",
      eprint         = "hep-ph/0604261",
      archivePrefix  = "arXiv",
      primaryClass   = "hep-ph",
      SLACcitation   = "%%CITATION = HEP-PH/0604261;%%",
}

@article{Halyo:2013yfa,
      author         = "Halyo, Valerie and Lou, Hou Keong and Lujan, Paul and
                        Zhu, Wenhan",
      title          = "{Data Driven Search in the Displaced $b\bar{b}$ Pair
                        Channel for a Higgs Boson Decaying to Long-Lived Neutral
                        Particles}",
      year           = "2013",
      eprint         = "1308.6213",
      archivePrefix  = "arXiv",
      primaryClass   = "hep-ph",
      SLACcitation   = "%%CITATION = ARXIV:1308.6213;%%",
}

@article{Chatrchyan:2008aa,
      author         = "Chatrchyan, S. and others",
      title          = "{The CMS experiment at the CERN LHC}",
      collaboration  = "CMS Collaboration",
      journal        = "JINST",
      volume         = "3",
      pages          = "S08004",
      doi            = "10.1088/1748-0221/3/08/S08004",
      year           = "2008",
      SLACcitation   = "%%CITATION = JINST,3,S08004;%%",
}

@article{Aad:2008zzm,
      author         = "Aad, G. and others",
      title          = "{The ATLAS Experiment at the CERN Large Hadron Collider}",
      collaboration  = "ATLAS Collaboration",
      journal        = "JINST",
      volume         = "3",
      pages          = "S08003",
      doi            = "10.1088/1748-0221/3/08/S08003",
      year           = "2008",
      SLACcitation   = "%%CITATION = JINST,3,S08003;%%",
}

@article{Chatrchyan:2012jna,
      author         = "Chatrchyan, Serguei and others",
      title          = "{Search in leptonic channels for heavy resonances
                        decaying to long-lived neutral particles}",
      collaboration  = "CMS Collaboration",
      journal        = "JHEP",
      volume         = "1302",
      pages          = "085",
      doi            = "10.1007/JHEP02(2013)085",
      year           = "2013",
      eprint         = "1211.2472",
      archivePrefix  = "arXiv",
      primaryClass   = "hep-ex",
      reportNumber   = "CMS-EXO-11-101, CERN-PH-EP-2012-304",
      SLACcitation   = "%%CITATION = ARXIV:1211.2472;%%",
}

@article{Halyo:2013,
      author         = "Halyo, V. and Hunt, A. and Jindal, P. and LeGresley, P.
                        and Lujan, P.",
      title          = "{GPU Enhancement of the Trigger to Extend Physics Reach
                        at the LHC}",
      journal        = "JINST",
      volume         = "8",
      pages          = "P10005",
      doi            = "10.1088/1748-0221/8/10/P10005",
      year           = "2013",
      eprint         = "1305.4855",
      archivePrefix  = "arXiv",
      primaryClass   = "physics.ins-det",
      SLACcitation   = "%%CITATION = ARXIV:1305.4855;%%",
}

@article{bib:Halyo:2013gja,
      author         = "V.~Halyo, P.~LeGresley, P.~Lujan, V.~Karpusenko and A.~Vladimirov",
      title          = "{First Evaluation of the CPU, GPGPU and MIC Architectures for Real 
                         Time Particle Tracking based on Hough Transform at the LHC}",
      year           = "2013",
      eprint         = 1310.7556"",
      archivePrefix  = "arXiv",
      primaryClass   = "physics.comp-ph",
      SLACcitation   = "%%CITATION = ARXIV:1305.4855;%%",
}


@article{bib:HT1,
      author         = "Hough, P.V.C.",
      title          = "{Machine Analysis Of Bubble Chamber Pictures}",
      journal        = "Proc. Int. Conf. High Energy Accelerators and Instrumentation",
      volume         = "C590914",
      pages          = "554-558",
      year           = "1959",
      SLACcitation   = "%%CITATION = INSPIRE-919922;%%",
}

@book{bib:HT2,
author = "Hough, P.",
title = "Method and mean for recognizing complex patterns", 
publisher = "United States Patent 3069654",
year = "1962",
}

@book{bib:HT3,
author = "Gonzalez, R.C. and Woods, R.E.",
title = "Digital Image Processing",
publisher = "Prentice Hall",
year = "1993",
}